@misc{gsldoc, 
	title={Dokumentation des gsl\_rng-Pakets}, 
	url="https://www.gnu.org/software/gsl/doc/html/rng.html", 
	note="Zuletzt abgerufen am 05.06.2020"
}

@article{peierls_1936, 
title={On Ising's model of ferromagnetism}, 
volume={32}, 
DOI={10.1017/S0305004100019174}, 
number={3}, 
journal={Mathematical Proceedings of the Cambridge Philosophical Society}, 
publisher={Cambridge University Press}, 
author={Peierls, R.}, 
year={1936}, 
pages={477–481}
}

@article{metropolisupdate,
author = {Metropolis,Nicholas  and Rosenbluth,Arianna W.  and Rosenbluth,Marshall N.  and Teller,Augusta H.  and Teller,Edward },
title = {Equation of State Calculations by Fast Computing Machines},
journal = {The Journal of Chemical Physics},
volume = {21},
number = {6},
pages = {1087-1092},
year = {1953},
doi = {10.1063/1.1699114},
URL = { https://doi.org/10.1063/1.1699114},
eprint = { https://doi.org/10.1063/1.1699114}
}

@article{MontrollMagnetization,
author = {Montroll,Elliott W.  and Potts,Renfrey B.  and Ward,John C. },
title = {Correlations and Spontaneous Magnetization of the Two-Dimensional Ising Model},
journal = {Journal of Mathematical Physics},
volume = {4},
number = {2},
pages = {308-322},
year = {1963},
doi = {10.1063/1.1703955},
URL = { https://doi.org/10.1063/1.1703955},
eprint = { https://doi.org/10.1063/1.1703955}
}


@article{YangMagnetization,
title = {The Spontaneous Magnetization of a Two-Dimensional Ising Model},
author = {Yang, C. N.},
journal = {Phys. Rev.},
volume = {85},
issue = {5},
pages = {808--816},
numpages = {0},
year = {1952},
month = {Mar},
publisher = {American Physical Society},
doi = {10.1103/PhysRev.85.808},
url = {https://link.aps.org/doi/10.1103/PhysRev.85.808}
}

@book{binderheermann, 
	title="Monte Carlo Simulation in Statistical Physics, An Introduction, Sixth Edition", 
	author="Binder, Kurt  and Heermann, Dieter W.",
	year="2019",
	publisher="Springer International Publishing", 
	isbn="978-3-030-10758-1",
	}

@misc{derivativegnuplot, 
	title="Ableitung einer Funktion mit Gnuplot berechnen",
	url={https://www.vttoth.com/CMS/technical-notes/250-plotting-derivatives-in-gnuplothttps://www.openmp.org/specifications/},
	lastchecked="{13.05.2020}",
}

@misc{specificationsopenmp, 
	title={Specifications for OpenMP},
	url={https://www.openmp.org/specifications/},
	lastchecked="{13.05.2020}",
	note="{zuletzt abgerufen am 13.05.2020}",
}

@misc{tutorialopenmp,
	title="OpenMP",
	url={https://computing.llnl.gov/tutorials/openMP/}, 
	lastchecked="{13.05.2020}"
}

@ARTICLE{OnsagerCrystal1,
	author = {{Onsager}, Lars},
	title = "{Crystal Statistics. I. A Two-Dimensional Model with an Order-Disorder Transition}",
	journal = {Physical Review},
	year = 1944,
	month = feb,
	volume = {65},
	number = {3-4},
	pages = {117-149},
	doi = {10.1103/PhysRev.65.117},
	adsurl = {https://ui.adsabs.harvard.edu/abs/1944PhRv...65..117O},
	adsnote = {Provided by the SAO/NASA Astrophysics Data System}
}

@misc{etkina,
	title = "Rubrics for assessment of scientific abilities",
	url = {https://sites.google.com/site/scientificabilities/rubrics},
	lastchecked = "{04.12.2019}",
}

@misc{leifioszem,
	title = "LEIFI Physik, Elektromagnetische Schwingungen",
	url = {https://www.leifiphysik.de/elektrizitaetslehre/elektromagnetische-schwingungen},
	lastchecked = "{03.12.2019}",
}

@inproceedings{ambrose09, 
	 Author = "Bradley S. Ambrose", 
	 Title = {Learning about Student Learning in Intermediate Mechanics: Using Research to Improve Instruction}, 
	 BookTitle = {Physics Education Research Conference 2009}, Pages = {3-6}, Address = {Ann Arbor, Michigan}, Series = {PER Conference Invited Paper}, Volume = {1179}, Month = {July 29-30}, Year = {2009} }

@misc{einheitskreis,
	title = "The sine and cosine funtion in the unit circle",
	url = {https://commons.wikimedia.org/wiki/File:Sinus_und_Kosinus_am_Einheitskreis_1.svg},
	lastchecked = "{02.12.2019}",
}

@misc{leifiosz,
	title = "LEIFI Physik, Mechanische Schwingungen",
	url = {https://www.leifiphysik.de/mechanik/mechanische-schwingungen},
	lastchecked = "{02.12.2019}",
}

@article{graphsmcdermott,
	Author = "Lillian C. McDermott and Mark Rosenquist and Emily Van Zee", 
	Title = {Student difficulties in connecting graphs and physics: Examples from kinematics}, 
	Journal = {Am. J. Phys.}, 
	Volume = {55}, Number = {6}, Pages = {503-513}, 
	Month = {June}, Year = {1987} }

@inproceedings{ambrose06,
	Author = "Bradley S. Ambrose", 
	Title = {Probing Student Reasoning and Intuitions in Intermediate Mechanics: An Example with Linear Oscillations}, 
	BookTitle = {Physics Education Research Conference 2006}, 
	Pages = {30-33}, 
	Address = {Syracuse, New York}, 
	Series = {PER Conference Invited Paper}, 
	Volume = {883}, Month = {July 26-27}, Year = {2006} }

@book{knight,
	title = "Five Easy Lessons: Strategies for Successful Physics Teaching",
	author = "Randall D. Knight",
	year = "2002",
	publisher = "Pearson", 
	isbn="978-0805387025-"
}

@misc{zerfallsketten,
	title = "List of Commonly Observed Gamma Energies",
	url = {https://www.fmf.uni-lj.si/~jazbinsek/Praktikum5/gammaenergies.pdf},
	lastchecked = "{09.04.2019}",
}

@misc{inhaltstandardabweichungen,
	title = "The 68-95-99.7\% Rule",
	url = {http://statweb.stanford.edu/~naras/jsm/NormalDensity/NormalDensity.html},
	lastchecked = "{09.04.2019}",
}

@misc{leifiradio,
	title = "Radioaktivität",
	url = {https://www.leifiphysik.de/kern-teilchenphysik/radioaktivitat-einfuhrung},
	lastchecked = "{09.04.2019}",
}

@misc{bfs,
	title = "Radioaktivität in der Umwelt",
	url = {http://www.bfs.de/DE/themen/ion/umwelt/umwelt_node.html},
	lastchecked = "{09.04.2019}",
}

@book{kleinknecht,
	title = "Detektoren für Teilchenstrahlung",
	author = "Kleinknecht, Konrad",
	year = "2005",
	publisher = "B. G. Teubner Verlag"
}

@misc{fwhmstandard,
	title = "FWHM gebräuchlicher Funktionen",
	url = {http://mathworld.wolfram.com/FullWidthatHalfMaximum.html},
	lastchecked = "{09.04.2019}",
}

@book{kernpraktikum,
	title = "Kernphysikalisches Praktikum",
	author = "Riezler, Wolfgang \& Kopitzki, Konrad",
	year = "1963",
	publisher = "B. G. Teubner Verlagsgesellschaft"
}

@book{detektorenthiemig,
	title = "Teilchen-Detektoren",
	author = "Allkofer, Otto Claus",
	year = "1971",
	publisher = "Verlag Karl Thiemig KG"
}

@misc{unihallegamma,
	title = "Versuch 38: $\gamma$-Spektroskopie / Umweltradioaktivität",
	url = {http://positron.physik.uni-halle.de/F-Praktikum/PDF/38_Umweltradioaktivitaet.pdf},
	lastchecked = "{08.04.2019}",
}

@misc{decayradiationsearch,
	title ="Decay Radiation Search des Brookhaven National Laboratory",
	url ={https://www.nndc.bnl.gov/nudat2/indx_dec.jsp},
	lastchecked = "{05.04.2019}",
}

@misc{rootcernintegrate,
	title ="Integral-Funktion in root",
	url ={https://root.cern.ch/doc/master/classTH1.html#aaf053a4b487c46b9e20c0bf534b34012},
	lastchecked = "{22.03.2019}",
}

@thesis{pdgmuonflux, 
	title="Cosmic Rays", 
	author="M. Tanabashi et al.",
	year="2018", 
	school="Particle Data Group"
}

@misc{bohrmagneton,
	title ="Literaturwert des Bohrschen Magnetons",
	url ={https://www.physics.nist.gov/cgi-bin/cuu/Value?mub},
	lastchecked = "{12.10.2018}",
}

@book{foot,
	title = "Atomphysik",
	author = "Foot, Christopher J.",
	year = "2011",
	isbn="978-3-468-70546-1"
}

@misc{elementarladung,
	title ="Literaturwert der Elementarladung",
	url ={https://physics.nist.gov/cgi-bin/cuu/Value?e},
	lastchecked = "{27.10.2018}",
}


@misc{wirkungsquantum,
	title ="Literaturwert des planckschen Wirkungsquantum",
	url ={https://physics.nist.gov/cgi-bin/cuu/Value?h},
	lastchecked = "{09.11.2018}",
}

@misc{rydberg,
	title ="Literaturwert der Rydberg-Konstanten",
	url ={https://physics.nist.gov/cgi-bin/cuu/Value?ryd},
	lastchecked = "{12.11.2018}",
}

@thesis{diplomarbeit, 
	title="Test und Inbetriebnahme der Prototyp-Driftkammer für das B1-Spekrometer", 
	author="Daniel Hammann",
	year="2008", 
	school="Universität Bonn"
}

@book{leo,
	title = "Techniques for Nuclear and Particle Physics Experiments",
	author = "Leo, William R.",
	year = "1994",
	isbn="3-540-57280-5"

}